%YAML 1.1
%TAG !u! tag:unity3d.com,2011:
--- !u!1001 &100100000
Prefab:
  m_ObjectHideFlags: 1
  serializedVersion: 2
  m_Modification:
    m_TransformParent: {fileID: 0}
    m_Modifications: []
    m_RemovedComponents: []
  m_ParentPrefab: {fileID: 0}
  m_RootGameObject: {fileID: 1734540658433216}
  m_IsPrefabParent: 1
--- !u!1 &1226479141429788
GameObject:
  m_ObjectHideFlags: 0
  m_PrefabParentObject: {fileID: 0}
  m_PrefabInternal: {fileID: 100100000}
  serializedVersion: 5
  m_Component:
  - component: {fileID: 4426318457780518}
  - component: {fileID: 114463316475236854}
  m_Layer: 0
  m_Name: IronSourceEventsPrefab
  m_TagString: Untagged
  m_Icon: {fileID: 0}
  m_NavMeshLayer: 0
  m_StaticEditorFlags: 0
  m_IsActive: 1
--- !u!1 &1709878537223686
GameObject:
  m_ObjectHideFlags: 0
  m_PrefabParentObject: {fileID: 0}
  m_PrefabInternal: {fileID: 100100000}
  serializedVersion: 5
  m_Component:
  - component: {fileID: 4003048182647102}
  - component: {fileID: 114468814487041822}
  m_Layer: 0
  m_Name: GAv4
  m_TagString: Untagged
  m_Icon: {fileID: 0}
  m_NavMeshLayer: 0
  m_StaticEditorFlags: 0
  m_IsActive: 1
--- !u!1 &1734540658433216
GameObject:
  m_ObjectHideFlags: 0
  m_PrefabParentObject: {fileID: 0}
  m_PrefabInternal: {fileID: 100100000}
  serializedVersion: 5
  m_Component:
  - component: {fileID: 4723920692405406}
  - component: {fileID: 114116354715540604}
  m_Layer: 0
  m_Name: Root_Plugins
  m_TagString: Untagged
  m_Icon: {fileID: 0}
  m_NavMeshLayer: 0
  m_StaticEditorFlags: 0
  m_IsActive: 1
--- !u!4 &4003048182647102
Transform:
  m_ObjectHideFlags: 1
  m_PrefabParentObject: {fileID: 0}
  m_PrefabInternal: {fileID: 100100000}
  m_GameObject: {fileID: 1709878537223686}
  m_LocalRotation: {x: -0, y: -0, z: -0, w: 1}
  m_LocalPosition: {x: -412.06744, y: -237.5974, z: 1.701418}
  m_LocalScale: {x: 1, y: 1, z: 1}
  m_Children: []
  m_Father: {fileID: 4723920692405406}
  m_RootOrder: 0
  m_LocalEulerAnglesHint: {x: 0, y: 0, z: 0}
--- !u!4 &4426318457780518
Transform:
  m_ObjectHideFlags: 1
  m_PrefabParentObject: {fileID: 0}
  m_PrefabInternal: {fileID: 100100000}
  m_GameObject: {fileID: 1226479141429788}
  m_LocalRotation: {x: -0, y: -0, z: -0, w: 1}
  m_LocalPosition: {x: -412.06744, y: -237.5974, z: 1.701418}
  m_LocalScale: {x: 1, y: 1, z: 1}
  m_Children: []
  m_Father: {fileID: 4723920692405406}
  m_RootOrder: 1
  m_LocalEulerAnglesHint: {x: 0, y: 0, z: 0}
--- !u!4 &4723920692405406
Transform:
  m_ObjectHideFlags: 1
  m_PrefabParentObject: {fileID: 0}
  m_PrefabInternal: {fileID: 100100000}
  m_GameObject: {fileID: 1734540658433216}
  m_LocalRotation: {x: 0, y: 0, z: 0, w: 1}
  m_LocalPosition: {x: 412.06744, y: 237.5974, z: -1.701418}
  m_LocalScale: {x: 1, y: 1, z: 1}
  m_Children:
  - {fileID: 4003048182647102}
  - {fileID: 4426318457780518}
  m_Father: {fileID: 0}
  m_RootOrder: 0
  m_LocalEulerAnglesHint: {x: 0, y: 0, z: 0}
--- !u!114 &114116354715540604
MonoBehaviour:
  m_ObjectHideFlags: 1
  m_PrefabParentObject: {fileID: 0}
  m_PrefabInternal: {fileID: 100100000}
  m_GameObject: {fileID: 1734540658433216}
  m_Enabled: 1
  m_EditorHideFlags: 0
  m_Script: {fileID: 11500000, guid: 4967842ed3f10d2458984e18fcf4edaf, type: 3}
  m_Name: 
  m_EditorClassIdentifier: 
  _gpg:
    requestUserTokenForBackend: 0
  _iap:
    useLog: 1
    useConsumable: 1
    useNonConsumable: 0
    useSubscription: 0
    consumableProductList:
    - heart_10_prod
    - heart_25_prod
    - heart_60_prod
    nonConsumableProductList: []
    subscriptionProductList: []
    kProductNameAppleSubscription: 
    kProductNameGooglePlaySubscription: 
  _analytic:
    analyticsV4: {fileID: 114468814487041822}
  _ad:
    appKey: 7f6699bd
    useVideoAd: 1
    useInterstitalAd: 0
    useOfferwallAd: 0
    useBannerAd: 0
    _videoAd:
      defaultPlacementName: DefaultRewardedVideo
    _interstitial:
      defaultPlacementName: DefaultRewardedVideo
    _banner:
      defaultPlacementName: DefaultBanner
--- !u!114 &114463316475236854
MonoBehaviour:
  m_ObjectHideFlags: 1
  m_PrefabParentObject: {fileID: 0}
  m_PrefabInternal: {fileID: 100100000}
  m_GameObject: {fileID: 1226479141429788}
  m_Enabled: 1
  m_EditorHideFlags: 0
  m_Script: {fileID: 11500000, guid: c2f4eb146ea5d49d9bf6a02a5a231c14, type: 3}
  m_Name: 
  m_EditorClassIdentifier: 
--- !u!114 &114468814487041822
MonoBehaviour:
  m_ObjectHideFlags: 1
  m_PrefabParentObject: {fileID: 0}
  m_PrefabInternal: {fileID: 100100000}
  m_GameObject: {fileID: 1709878537223686}
  m_Enabled: 1
  m_EditorHideFlags: 0
  m_Script: {fileID: 11500000, guid: 9613b8deaaf38422ba6dd4031a2a94e1, type: 3}
  m_Name: 
  m_EditorClassIdentifier: 
  androidTrackingCode: UA-128269300-1
  IOSTrackingCode: UA-128269300-1
  otherTrackingCode: UA-128269300-1
  productName: Breaking Mad
  bundleIdentifier: com.portbliss.breakingmad
  bundleVersion: 1.11
  dispatchPeriod: 5
  sampleFrequency: 100
  logLevel: 1
  anonymizeIP: 0
  UncaughtExceptionReporting: 1
  sendLaunchEvent: 1
  dryRun: 0
  sessionTimeout: 1800
  enableAdId: 0
